<?xml version="1.0" encoding="utf-8"?>
<record xmlns="http://www.loc.gov/MARC21/slim" xmlns:xsi="http://www.w3.org/2001/XMLSchema-instance" xsi:schemaLocation="http://www.loc.gov/MARC21/slim http://www.loc.gov/standards/marcxml/schema/MARC21slim.xsd">
	<leader>     nam a22     Mi 4500</leader>
	<controlfield tag="001">b12392571</controlfield>
	<controlfield tag="003">LeBAU</controlfield>
	<controlfield tag="006">m        d        </controlfield>
	<controlfield tag="007">cr cn |||m|||a</controlfield>
	<controlfield tag="008">191218s1950    ua      o     ||0 0 ara d</controlfield>
	<datafield ind1=" " ind2=" " tag="040">
		<subfield code="a">ZYU</subfield>
		<subfield code="b">ara</subfield>
		<subfield code="e">rda</subfield>
		<subfield code="c">ZYU</subfield>
	</datafield>
	<datafield ind1="0" ind2="4" tag="082">
		<subfield code="a">297.52</subfield>
		<subfield code="2">20</subfield>
	</datafield>
	<datafield ind1="1" ind2=" " tag="100">
		<subfield code="6">880-01</subfield>
		<subfield code="a">Zamakhsharī, Maḥmūd ibn ʻUmar,</subfield>
		<subfield code="d">1075-1144,</subfield>
		<subfield code="e">author.</subfield>
	</datafield>
	<datafield ind1="1" ind2="0" tag="245">
		<subfield code="6">880-02</subfield>
		<subfield code="a">Aṭwāq al-dhahab fī al-mawāʻiẓ wa-al-khuṭab :</subfield>
		<subfield code="b">wa-hiya taḥtawī ʻalá miʼat maqālah fī al-mawāʻiẓ wa-al-naṣāyiḥ wa-al-ḥikam wa-makārim al-akhlāq ilakh /</subfield>
		<subfield code="c">lil-imām ʻallāmat al-dunyā bi-lā khilāf Abū al-Qāsim Maḥmūd ibn ʻUmar al-Zamakhsharī, ṣāḥib al-Kashshāf al-mutawaffá sanat 538 H. ʻalayhā jumlat shurūḥ mukhtaṣarah min Qalā’id al-Adab fī Sharḥ Aṭwāq al-Dhahab. Ayḍan min sharḥ al-Shaykh Yūsuf Afandī al-Asīr wa-ghayrihim wa-hadhā al-sharḥ ajmaʻ min kul al-shurūḥ ilakh.</subfield>
	</datafield>
	<datafield ind1=" " ind2="1" tag="264">
		<subfield code="6">880-03</subfield>
		<subfield code="a">Miṣr :</subfield>
		<subfield code="b">ʻAbd al-Ḥamīd Aḥmad Ḥanafī,</subfield>
		<subfield code="c">1370 H., [1950? M.]</subfield>
	</datafield>
	<datafield ind1=" " ind2=" " tag="300">
		<subfield code="6">880-04</subfield>
		<subfield code="a">online resource (108 pages)</subfield>
	</datafield>
	<datafield ind1=" " ind2=" " tag="336">
		<subfield code="a">text</subfield>
		<subfield code="2">rdacontent</subfield>
	</datafield>
	<datafield ind1=" " ind2=" " tag="337">
		<subfield code="a">computer</subfield>
		<subfield code="2">rdamedia</subfield>
	</datafield>
	<datafield ind1=" " ind2=" " tag="338">
		<subfield code="a">online resource</subfield>
		<subfield code="2">rdacarrier</subfield>
	</datafield>
	<datafield ind1=" " ind2=" " tag="500">
		<subfield code="a">Part of the Arabic Collections Online (ACO) project, contributed by American University of Beirut's Jafet Memorial Library.</subfield>
	</datafield>
	<datafield ind1=" " ind2=" " tag="533">
		<subfield code="a">Electronic reproduction.</subfield>
		<subfield code="b">New York, N.Y. :</subfield>
		<subfield code="c">New York University,</subfield>
		<subfield code="d">2019.</subfield>
		<subfield code="5">NNU</subfield>
	</datafield>
	<datafield ind1=" " ind2="4" tag="650">
		<subfield code="a">المواعظ الاسلامية العربية</subfield>
		<subfield code="v">1800اعمال قديمة حتى .</subfield>
	</datafield>
	<datafield ind1=" " ind2="4" tag="650">
		<subfield code="a">الاخلاق الاسلامية</subfield>
		<subfield code="v">1800اعمال قديمة حتى .</subfield>
	</datafield>
	<datafield ind1=" " ind2="0" tag="650">
		<subfield code="a">Islamic sermons, Arabic</subfield>
		<subfield code="v">Early works to 1800.</subfield>
	</datafield>
	<datafield ind1=" " ind2="0" tag="650">
		<subfield code="a">Islamic ethics</subfield>
		<subfield code="v">Early works to 1800.</subfield>
	</datafield>
	<datafield ind1="1" ind2="2" tag="700">
		<subfield code="6">880-05</subfield>
		<subfield code="a">Iʻtiṣāmī, Yūsuf.</subfield>
		<subfield code="t">Qalāʼid al-adab fī sharḥ Aṭwāq al-dhahab.</subfield>
	</datafield>
	<datafield ind1="1" ind2="2" tag="700">
		<subfield code="6">880-06</subfield>
		<subfield code="a">Ibn al-Asīr, Yūsuf ibn ʻAbd al-Qādir,</subfield>
		<subfield code="d">1816 or 1817-1889 or 1890.</subfield>
		<subfield code="t">Sharḥ aṭwāq al-dhahab.</subfield>
	</datafield>
	<datafield ind1="2" ind2=" " tag="710">
		<subfield code="a">Jafet Memorial Library.</subfield>
	</datafield>
	<datafield ind1="0" ind2=" " tag="730">
		<subfield code="a">Arabic Collections Online.</subfield>
	</datafield>
	<datafield ind1="0" ind2="8" tag="776">
		<subfield code="i">Print version:</subfield>
		<subfield code="a">Zamakhsharī, Maḥmūd ibn ʻUmar, 1075-1144, author.</subfield>
		<subfield code="t">Aṭwāq al-dhahab fī al-mawāʻiẓ wa-al-khuṭab</subfield>
		<subfield code="w">(LeBAU)b12392571</subfield>
	</datafield>
	<datafield ind1="4" ind2="0" tag="856">
		<subfield code="u">http://hdl.handle.net/2333.1/j9kd59rm</subfield>
	</datafield>
	<datafield ind1="1" ind2=" " tag="880">
		<subfield code="6">100-01</subfield>
		<subfield code="a">الزمخشري، محمود بن عمر،</subfield>
		<subfield code="d">1075-1144،</subfield>
		<subfield code="e">مؤلف. </subfield>
		<subfield code="4">aut.</subfield>
	</datafield>
	<datafield ind1="1" ind2="0" tag="880">
		<subfield code="6">245-02</subfield>
		<subfield code="a">أطواق الذهب في المواعظ والخطب :</subfield>
		<subfield code="b">وهي تحتوي على مائة مقالة في المواعظ والنصايح والحكم ومكارم الأخلاق إلخ /</subfield>
		<subfield code="c">للإمام علامة الدنيا بلا خلاف أبوالقاسم محمود بن عمر الزمخشري، صاحب الكشاف المتوفى سنة 538 هـ. عليها جملة شروح مختصرة من قلائد الأدب في شرح أطواق الذهب. أيضا من شرح الشيخ يوسف أفندي الأسير وهذا الشرح أجمع من كل الشروح. إلخ.</subfield>
	</datafield>
	<datafield ind1=" " ind2="1" tag="880">
		<subfield code="6">264-03</subfield>
		<subfield code="a">مصر :</subfield>
		<subfield code="b">عبد الحميد أحمد حنفي،</subfield>
		<subfield code="c">1370 هـ.، [1950؟ م.]</subfield>
	</datafield>
	<datafield ind1=" " ind2=" " tag="880">
		<subfield code="6">300-04</subfield>
		<subfield code="a">108 صفحات ؛</subfield>
		<subfield code="c">20 سم</subfield>
	</datafield>
	<datafield ind1="1" ind2="2" tag="880">
		<subfield code="6">700-05</subfield>
		<subfield code="a">اعتصامي، يوسف.</subfield>
		<subfield code="t">قلائد الأدب في شرح أطواق الذهب.</subfield>
	</datafield>
	<datafield ind1="1" ind2="2" tag="880">
		<subfield code="6">700-06</subfield>
		<subfield code="a">ابن الاسير، يوسف بن عبد  القادر،</subfield>
		<subfield code="d">1816 او 1817-1889 او 1890.</subfield>
		<subfield code="t">شرح أطواق الذهب.</subfield>
	</datafield>
	<datafield ind1=" " ind2=" " tag="959">
		<subfield code="a">NNU</subfield>
		<subfield code="b">WEB</subfield>
		<subfield code="c">GENI</subfield>
		<subfield code="t">0</subfield>
		<subfield code="m">Electronic access</subfield>
		<subfield code="s">01</subfield>
	</datafield>
	<datafield ind1=" " ind2=" " tag="999">
		<subfield code="i">LeBAU_b12392571</subfield>
		<subfield code="s">aub_aco002959</subfield>
		<subfield code="e">(ERROR-MISC)</subfield>
	</datafield>
</record>
